@article{yu2017permutation,
  title={Permutation-Invariant Training (PIT)},
  author={Yu, Dong and Kolb{\ae}k, Morten and Tan, Zheng-Hua and Jensen, Jesper},
  journal={arXiv preprint arXiv:1703.06284},
  year={2017}
}

@article{luo2018tasnet,
  title={{TaSNet: Time-Domain Audio Separation Network for Real-Time, Single-Channel Speech Separation}},
  author={Luo, Yi and Mesgarani, Nima},
  journal={IEEE/ACM Transactions on Audio, Speech, and Language Processing},
  year={2018}
}

@article{luo2019convtasnet,
  title={{Conv-TasNet: Surpassing Ideal Time-Frequency Magnitude Masking for Speech Separation}},
  author={Luo, Yi and Mesgarani, Nima},
  journal={arXiv preprint arXiv:1809.07454},
  year={2019}
}

@article{luo2020dprnn,
  title={{Dual-Path RNN: Efficient Long Sequence Modeling for Time-Domain Single-Channel Speech Separation}},
  author={Luo, Yi and Chen, Zhuo and Yoshioka, Takuya},
  journal={arXiv preprint arXiv:1910.06379},
  year={2019}
}

@article{wang2019voicefilter,
  title={{VoiceFilter: Targeted Voice Separation by Speaker-Conditioned Spectrogram Masking}},
  author={Wang, Quan and Muckenhirn, Hannah and Wilson, Kevin and Sridhar, Prashant and Wu, Zelin and Hershey, John and Saurous, Rif A. and Weiss, Ron J. and Jia, Ye and Lopez Moreno, Ignacio},
  journal={arXiv preprint arXiv:1810.04826},
  year={2018}
}

@article{ge2020spexplus,
  title={{SpEx+: A Complete Time Domain Speaker Extraction Network}},
  author={Ge, Meng and Xu, Chenglin and Wang, Longbiao and Chng, Eng Siong and Dang, Jianwu and Li, Haizhou},
  journal={arXiv preprint arXiv:2005.04686},
  year={2020}
}

@article{li2022ctcnet,
  title={{An Audio-Visual Speech Separation Model Inspired by Cortico-Thalamo-Cortical Circuits}},
  author={Li, Kai and Xie, Fenghua and Chen, Hang and Yuan, Kexin and Hu, Xiaolin},
  journal={arXiv preprint arXiv:2212.10744},
  year={2022}
}

@article{pegg2024rtfsnet,
  title={{RTFS-Net: Recurrent Time-Frequency Modelling for Efficient Audio-Visual Speech Separation}},
  author={Pegg, Samuel and Li, Kai and Hu, Xiaolin},
  journal={arXiv preprint arXiv:2309.17189},
  year={2024}
}

@article{tdanet,
  title={{An Efficient Encoder-Decoder Architecture With Top-Down Attention For Speech Separation}},
  author={Kai Li, Runxuan Yang, Xiaolin Hu},
  journal={arXiv preprint arXiv:2309.17189},
  year={2023}
}

@article{afouras2018deep,
  title={{Deep Audio-Visual Speech Recognition}},
  author={Afouras, Triantafyllos and Chung, Joon Son and Senior, Andrew and Vinyals, Oriol and Zisserman, Andrew},
  journal={IEEE Transactions on Pattern Analysis and Machine Intelligence},
  year={2018}
}

@article{chen2020dptnet,
  title={{Dual-Path Transformer Network: Direct Context-Aware Modeling for End-to-End Monaural Speech Separation}},
  author={Chen, Jingjing and Mao, Qirong and Liu, Dong},
  journal={arXiv preprint arXiv:2007.13975},
  year={2020}
}

@article{kadioglu2020empirical,
  title={{An Empirical Study of Conv-TasNet}},
  author={Kadıoğlu, Berkan and Horgan, Michael and Liu, Xiaoyu and Pons, Jordi and Darcy, Dan and Kumar, Vivek},
  journal={arXiv preprint arXiv:2002.08688},
  year={2020}
}

@article{vincent2006performance,
  title={{Performance measurement in blind audio source separation}},
  author={Vincent, Emmanuel and Gribonval, R{\'e}mi and F{\'e}votte, C{\'e}dric},
  journal={IEEE Transactions on Audio, Speech, and Language Processing},
  year={2006},
}

@article{martinez2020lipreading,
  title={{Lipreading Using Temporal Convolutional Networks}},
  author={Martinez, Brais and Ma, Pingchuan and Petridis, Stavros and Pantic, Maja},
  journal={arXiv preprint arXiv:2001.08702},
  year={2020}
}
